<?xml version="1.0" encoding="UTF-8"?><collection xmlns="http://www.loc.gov/MARC21/slim"><record><leader>00546nam--2200193-i-4500</leader><controlfield tag="001">000031650</controlfield><controlfield tag="002">20161230</controlfield><controlfield tag="005">20161230201038</controlfield><controlfield tag="008">060222s1000------------r-----000-0-rum-d</controlfield><datafield ind1=" " ind2=" " tag="040"><subfield code="a">IFIN-HH</subfield></datafield><datafield ind1=" " ind2=" " tag="041"><subfield code="a">rum</subfield></datafield><datafield ind1=" " ind2=" " tag="080"><subfield code="a">519.283:621.316</subfield></datafield><datafield ind1="1" ind2=" " tag="100"><subfield code="a">Macris, Anatol</subfield></datafield><datafield ind1="1" ind2="0" tag="245"><subfield code="a">Aplicatii ale teoriei grafelor in energetica</subfield><subfield code="c">Anatol macris, aurel rothman</subfield></datafield><datafield ind1=" " ind2=" " tag="260"><subfield code="a">Bucuresti</subfield><subfield code="b">Oficiul De Documentare Si Publicatii Tehnice</subfield><subfield code="c">1969</subfield></datafield><datafield ind1=" " ind2=" " tag="300"><subfield code="a">311P</subfield></datafield><datafield ind1="1" ind2=" " tag="700"><subfield code="a">Rothman, Aurel</subfield></datafield><datafield ind1=" " ind2=" " tag="852"><subfield code="a">34066</subfield><subfield code="c">519.283</subfield></datafield><datafield ind1=" " ind2=" " tag="CAT"><subfield code="a">Sys</subfield><subfield code="c">20130807</subfield><subfield code="h">143554</subfield></datafield></record></collection>